
@article{chu,
author = {Chu, Wei and Song, John and Vorburger, Theodore and Yen, James and Ballou, Susan and Bachrach, Benjamin},
title = {Pilot Study of Automated Bullet Signature Identification Based on Topography Measurements and Correlations},
journal = {Journal of Forensic Sciences},
volume = {55},
number = {2},
publisher = {Blackwell Publishing Ltd},
issn = {1556-4029},
url = {http://dx.doi.org/10.1111/j.1556-4029.2009.01276.x},
doi = {10.1111/j.1556-4029.2009.01276.x},
pages = {341--347},
keywords = {forensic science, ballistics identification, class characteristics, individual characteristics, striation, cross-correlation function},
year = {2010},
}

@online{pcast2016,
  title = {Report on Forensic Science in Criminal Courts: Ensuring Scientific Validity of Feature-Comparison Methods},
  author = {President's Council of Advisors on Science and Technology},
  year = {2016},
  url = {\url{https://www.whitehouse.gov/sites/default/files/microsites/ostp/PCAST/pcast_forensic_science_report_final.pdf}},
  urldate = {2016-09-24}
}



@article{aoas,
   author = {{Hare}, Eric and {Hofmann}, Heike and {Carriquiry}, Alicia},
    title = "{Automatic Matching of Bullet Lands}",
  journal = {Annals of Applied Statistics},
archivePrefix = "arXiv",
   eprint = {1601.05788},
 primaryClass = "stat.AP",
 keywords = {Statistics - Applications},
     year = 2016,
    month = jan,
   adsurl = {http://adsabs.harvard.edu/abs/2016arXiv160105788H},
  adsnote = {Provided by the SAO/NASA Astrophysics Data System}
}

@online{bulletr,
    title = {bulletr: Algorithms for Matching Bullet Lands},
    author = {Hofmann, Heike and  Hare, Eric},
      year = {2017},
    note = {R package version 0.1.0.9000},
    url = {\url{https://github.com/erichare/bulletr}}
}

@Manual{sam,
    title = {SensoMATCH bullet comparison software},
    author = {{Sensorfar}},
    year = {2017}
}

@online{nist, 
  title={{NIST Ballistics Toolmark Research Database (NBTRB)}},
  author={Xiaoyu Alan Zheng},
  url={\url{https://tsapps.nist.gov/NRBTD}},
  year={2016}
  }

@article {biasotti,
author = {Biasotti, A. A.},
title = {A Statistical Study of the Individual Characteristics of Fired
Bullets},
journal = {Journal of Forensic Sciences},
year = {1959},
pages = {34--50},
volume = {4},
keywords = {forensic science, striae, individual characteristics},
}


@article {identification,
author = {{AFTE Criteria for Identification Committee}},
title = {Theory of identification, range
striae comparison reports and modified glossary definitions},
journal = {AFTE Journal},
year={1992},
volume={24},
pages = {336--340},
keywords = {forensic science, striae, profilometry, U-statistic, correlated data, screwdriver}
}

@article{hamby,
author ={James E. Hamby and David J. Brundage and James W. Thorpe}, 
title={{The Identification of Bullets Fired from 10 Consecutively Rifled 9mm Ruger Pistol Barrels: A Research Project Involving 507 Participants from 20 Countries}},
journal={AFTE Journal}, 
volume={41}, 
number={2}, 
year={2009},
pages={99--110}
}

@online{LearnBayes,
    title = {LearnBayes: Functions for Learning Bayesian Inference},
    author = {Jim Albert},
    year = {2014},
    note = {R package version 2.15},
    url = {\url{https://CRAN.R-project.org/package=LearnBayes}}
  }
